<?xml version="1.0" encoding="UTF-8"?><collection xmlns="http://www.loc.gov/MARC21/slim"><record><leader>00626nam--2200193-u-4500</leader><controlfield tag="001">000054637</controlfield><controlfield tag="002">20161230</controlfield><controlfield tag="005">20170107161424</controlfield><controlfield tag="008">120417s1000------------r-----000-0-rus-d</controlfield><datafield ind1=" " ind2=" " tag="040"><subfield code="a">IFIN-HH</subfield></datafield><datafield ind1=" " ind2=" " tag="041"><subfield code="a">rus</subfield></datafield><datafield ind1=" " ind2=" " tag="080"><subfield code="a">530-145</subfield></datafield><datafield ind1="1" ind2=" " tag="100"><subfield code="a">Gomb©Łs, P©Łl</subfield></datafield><datafield ind1="1" ind2="0" tag="245"><subfield code="a">Ptoblema mnogih ceastit v kvantovoi mehanike (teoria i metodi resenia)</subfield><subfield code="b">Vtore izdanie</subfield><subfield code="c">P. Gomb©Łs</subfield></datafield><datafield ind1=" " ind2=" " tag="260"><subfield code="a">Moskva</subfield><subfield code="b">Inostrannoi Literaturi</subfield><subfield code="c">1953</subfield></datafield><datafield ind1=" " ind2=" " tag="300"><subfield code="a">276 p</subfield></datafield><datafield ind1=" " ind2=" " tag="500"><subfield code="a">Titlul Original In Limba Germana: Theorie Und Losungsmethoden Des Mehrteilchenproblems Der Wellenmechanik</subfield></datafield><datafield ind1=" " ind2=" " tag="852"><subfield code="a">1252</subfield><subfield code="c">539.141</subfield></datafield><datafield ind1=" " ind2=" " tag="CAT"><subfield code="a">SYS</subfield><subfield code="c">20170107</subfield><subfield code="h">161424</subfield></datafield></record></collection>